<?xml version="1.0" encoding="UTF-8"?><collection xmlns="http://www.loc.gov/MARC21/slim"><record><leader>00516nam--2200181-i-4500</leader><controlfield tag="001">000028839</controlfield><controlfield tag="002">20161230</controlfield><controlfield tag="005">20161230201037</controlfield><controlfield tag="008">060222s1000------------r-----000-0-eng-d</controlfield><datafield ind1=" " ind2=" " tag="040"><subfield code="a">IFIN-HH</subfield></datafield><datafield ind1=" " ind2=" " tag="080"><subfield code="a">530.145.7</subfield></datafield><datafield ind1="1" ind2=" " tag="100"><subfield code="a">Kumar, Kailash</subfield></datafield><datafield ind1="1" ind2="0" tag="245"><subfield code="a">Perturbation theory and the nuclear many body problem</subfield><subfield code="c">Kailash kumar</subfield></datafield><datafield ind1=" " ind2=" " tag="260"><subfield code="a">Amsterdam</subfield><subfield code="b">North-holland Publishing Co</subfield><subfield code="c">1962</subfield></datafield><datafield ind1=" " ind2=" " tag="300"><subfield code="a">VIII + 235P</subfield></datafield><datafield ind1=" " ind2=" " tag="490"><subfield code="a">From The Series In Physics</subfield></datafield><datafield ind1=" " ind2=" " tag="852"><subfield code="a">16594</subfield><subfield code="c">539.141</subfield></datafield><datafield ind1=" " ind2=" " tag="CAT"><subfield code="a">Sys</subfield><subfield code="c">20120417</subfield><subfield code="h">124415</subfield></datafield></record></collection>